<record xmlns='http://www.loc.gov/MARC21/slim'><leader>02337cam a2200421 i 4500</leader><controlfield tag='001'>7092515</controlfield><controlfield tag='005'>20170421112053.0</controlfield><controlfield tag='008'>150807s2015    cc a          000 0 chi d</controlfield><datafield ind1=' ' ind2=' ' tag='020'><subfield code='a'>9787561554999 :</subfield><subfield code='c'>RMBY54.00</subfield></datafield><datafield ind1=' ' ind2=' ' tag='020'><subfield code='a'>7561554990 :</subfield><subfield code='c'>RMBY54.00</subfield></datafield><datafield ind1=' ' ind2=' ' tag='035'><subfield code='a'>(OCoLC)908981063</subfield></datafield><datafield ind1=' ' ind2=' ' tag='040'><subfield code='a'>BCBTC</subfield><subfield code='b'>eng</subfield><subfield code='e'>rda</subfield><subfield code='c'>BCBTC</subfield><subfield code='d'>CNPIT</subfield><subfield code='d'>CGU</subfield><subfield code='d'>SINLB</subfield><subfield code='d'>OCLCF</subfield><subfield code='d'>OCL</subfield><subfield code='d'>ANL</subfield></datafield><datafield ind1=' ' ind2='4' tag='050'><subfield code='a'>DS797.26.X536</subfield><subfield code='b'>J536 2015</subfield></datafield><datafield ind1='0' ind2='4' tag='082'><subfield code='a'>951.245042</subfield><subfield code='2'>23</subfield></datafield><datafield ind1='0' ind2='0' tag='245'><subfield code='6'>880-01</subfield><subfield code='a'>Jian zheng :</subfield><subfield code='b'>1938 Xiamen : Ri kou ru qin Xiamen qian hou bao kan shi liao hui bian /</subfield><subfield code='c'>Xiamen Shi dang an ju guan bian ; Li Xiangqun zhu bian.</subfield></datafield><datafield ind1='0' ind2='0' tag='880'><subfield code='6'>245-01</subfield><subfield code='a'>见证 :</subfield><subfield code='b'>1938厦门 : 日寇入侵厦门前后报刊史料汇编 /</subfield><subfield code='c'>厦门市档案局馆编 ; 李向群主编.</subfield></datafield><datafield ind1='3' ind2='0' tag='246'><subfield code='6'>880-02</subfield><subfield code='a'>1938 Xiamen :</subfield><subfield code='b'>Ri kou ru qin Xiamen qian hou bao kan shi liao hui bian</subfield></datafield><datafield ind1='3' ind2='0' tag='880'><subfield code='6'>246-02</subfield><subfield code='a'>1938厦门 :</subfield><subfield code='b'>日寇入侵厦门前后报刊史料汇编</subfield></datafield><datafield ind1=' ' ind2=' ' tag='250'><subfield code='6'>880-03</subfield><subfield code='a'>Di 1 ban.</subfield></datafield><datafield ind1=' ' ind2=' ' tag='880'><subfield code='6'>250-03</subfield><subfield code='a'>第1版.</subfield></datafield><datafield ind1=' ' ind2='1' tag='264'><subfield code='6'>880-04</subfield><subfield code='a'>Xiamen Shi :</subfield><subfield code='b'>Xiamen da xue chu ban she,</subfield><subfield code='c'>2015.</subfield></datafield><datafield ind1=' ' ind2='1' tag='880'><subfield code='6'>264-04</subfield><subfield code='a'>厦门市 :</subfield><subfield code='b'>厦门大学出版社,</subfield><subfield code='c'>2015.</subfield></datafield><datafield ind1=' ' ind2=' ' tag='300'><subfield code='a'>6, 4, 14, 318 pages :</subfield><subfield code='b'>illustrations ;</subfield><subfield code='c'>26 cm</subfield></datafield><datafield ind1=' ' ind2=' ' tag='336'><subfield code='a'>text</subfield><subfield code='b'>txt</subfield><subfield code='2'>rdacontent</subfield></datafield><datafield ind1=' ' ind2=' ' tag='337'><subfield code='a'>unmediated</subfield><subfield code='b'>n</subfield><subfield code='2'>rdamedia</subfield></datafield><datafield ind1=' ' ind2=' ' tag='338'><subfield code='a'>volume</subfield><subfield code='b'>nc</subfield><subfield code='2'>rdacarrier</subfield></datafield><datafield ind1='2' ind2='7' tag='611'><subfield code='a'>Sino-Japanese War (1937-1945)</subfield><subfield code='2'>fast</subfield><subfield code='0'>(OCoLC)fst01431391</subfield></datafield><datafield ind1=' ' ind2='7' tag='648'><subfield code='a'>1937-1945</subfield><subfield code='2'>fast</subfield></datafield><datafield ind1=' ' ind2='0' tag='651'><subfield code='6'>880-05</subfield><subfield code='a'>Xiamen Shi (China)</subfield><subfield code='x'>History</subfield><subfield code='y'>Sino-Japanese War, 1937-1945</subfield><subfield code='v'>Sources.</subfield></datafield><datafield ind1=' ' ind2='0' tag='880'><subfield code='6'>651-05</subfield><subfield code='a'>厦门市 (China)</subfield><subfield code='x'>History</subfield><subfield code='y'>Sino-Japanese War, 1937-1945</subfield><subfield code='v'>Sources.</subfield></datafield><datafield ind1=' ' ind2='7' tag='651'><subfield code='a'>China</subfield><subfield code='z'>Xiamen Shi.</subfield><subfield code='2'>fast</subfield><subfield code='0'>(OCoLC)fst01299004</subfield></datafield><datafield ind1=' ' ind2='7' tag='655'><subfield code='a'>History.</subfield><subfield code='2'>fast</subfield><subfield code='0'>(OCoLC)fst01411628</subfield></datafield><datafield ind1=' ' ind2='7' tag='655'><subfield code='a'>Sources.</subfield><subfield code='2'>fast</subfield><subfield code='0'>(OCoLC)fst01423900</subfield></datafield><datafield ind1='1' ind2=' ' tag='700'><subfield code='6'>880-06</subfield><subfield code='a'>Li, Xiangqun,</subfield><subfield code='e'>editor.</subfield></datafield><datafield ind1='1' ind2=' ' tag='880'><subfield code='6'>700-06</subfield><subfield code='a'>李向群,</subfield><subfield code='e'>editor.</subfield></datafield><datafield ind1='2' ind2=' ' tag='710'><subfield code='6'>880-07</subfield><subfield code='a'>Xiamen Shi dang an guan,</subfield><subfield code='e'>editor.</subfield></datafield><datafield ind1='2' ind2=' ' tag='880'><subfield code='6'>710-07</subfield><subfield code='a'>厦门市档案馆,</subfield><subfield code='e'>editor.</subfield></datafield><datafield ind1=' ' ind2=' ' tag='880'><subfield code='6'>520-00</subfield><subfield code='a'>本书收录1938年日军觊觎厦金海域到厦门沦陷前后,&quot;申报&quot;,&quot;大公报&quot;,&quot;闽中日报&quot;,&quot;台湾日日新报&quot;,&quot;台湾民报&quot;等报纸有关厦门的新闻报道,加以评析,并附原版图片.客观地再现厦门受到日寇铁蹄蹂躏的岁月,揭露日本军国主义侵略者的暴行,激发人们毋忘国耻,振兴中华的爱国热情.为纪念抗日战争胜利70周年重点图书.</subfield></datafield></record>